@book{cell,
	author = {Alberts, Bruce},
	title = {Molecular Biology of the Cell (page 173, 473)},
	type = {Book},
	institution = {Garland Science},
	year = {2014},
	publisher = {Garland Science}
}
@book{nadim,
	author = {Berg, Jeremy},
	title = {Biochemistry 8th ed.},
	type = {Book},
	institution = {Freeman and Co},
	year = {2015},
	publisher = {Freeman and Co}
}